% This file was created with JabRef 2.7b.
% Encoding: UTF-8

@ARTICLE{artigo:2015,
  author = {Nome Sobrenome and Nome2 Sobrenome2},
  title = {Article that does not exist used just as an example of citaton},
  journal = {Journal of Academic Works in Science},
  year = {2015},
  volume = {1},
  pages = {1--2}
}

